<?xml version="1.0" encoding="UTF-8"?><record xmlns="http://www.loc.gov/MARC21/slim" xmlns:cinclude="http://apache.org/cocoon/include/1.0" xmlns:zs="http://www.loc.gov/zing/srw/">
  <leader>00514nz  a2200157n  4500</leader>
  <controlfield tag="001">no2004100496</controlfield>
  <controlfield tag="003">DLC</controlfield>
  <controlfield tag="005">20041019051911.0</controlfield>
  <controlfield tag="008">041018n| acannaabn          |a aaa     c</controlfield>
  <datafield tag="010" ind1=" " ind2=" ">
    <subfield code="a">no2004100496</subfield>
  </datafield>
  <datafield tag="035" ind1=" " ind2=" ">
    <subfield code="a">(OCoLC)oca06471191</subfield>
  </datafield>
  <datafield tag="040" ind1=" " ind2=" ">
    <subfield code="a">CoU</subfield>
    <subfield code="b">eng</subfield>
    <subfield code="c">CoU</subfield>
  </datafield>
  <datafield tag="100" ind1="1" ind2=" ">
    <subfield code="a">Wit, Jan-Maarten</subfield>
  </datafield>
  <datafield tag="400" ind1="1" ind2=" ">
    <subfield code="a">Wit, J. M.</subfield>
    <subfield code="q">(Jan-Maarten)</subfield>
  </datafield>
  <datafield tag="670" ind1=" " ind2=" ">
    <subfield code="a">Pediatric endocrinology and growth, 2003:</subfield>
    <subfield code="b">t.p. (Jan-Maarten Wit)</subfield>
  </datafield>
  <datafield tag="670" ind1=" " ind2=" ">
    <subfield code="a">OCLC, Oct, 15, 2004</subfield>
    <subfield code="b">(hdg.: Wit, Jan Maarten); usage: Jan Maarten Wit, J.M. Wit, Jan-Maarten Wit)</subfield>
  </datafield>
</record>